@book{oop,
    title={Ingeniería de software orientado a objetos},
    author={Bernd Bruegge and Allen H. Dutoit},
    isbn={970-26-0010-3},
    series={Universitarios},
    year={2002},
    publisher={PEARSON EDUCACIÓN}},
    keywords = {OOP, UML, Patterns, Software Engineering},
}