@misc{python,
  author = {Python Software Foundation},
  title  = {The Python Standard Library},
  year   = {2022},
  note   = {Last update on Dec 21, 2022},
  url    = {https://docs.python.org/3/library/index.html}
}

@misc{cariocas,
  author = {Juegos de Cartas 10},
  title  = {Juego de Cartas Carioca},
  year   = {2022},
  note   = {},
  url    = {https://juegosdecartas10.com/juego-de-cartas-carioca/}
}